<record><leader>00000cas a22000007a 4500</leader><controlfield tag="001">19507485</controlfield><controlfield tag="008">890407d19381939arumr ne      0    0eng d</controlfield><datafield ind1=" " ind2=" " tag="010"><subfield code="a">sn 89051135 </subfield></datafield><datafield ind1=" " ind2=" " tag="040"><subfield code="a">ANU</subfield><subfield code="b">eng</subfield><subfield code="c">ANU</subfield><subfield code="d">OCLCQ</subfield><subfield code="d">OCLCF</subfield><subfield code="d">OCLCO</subfield></datafield><datafield ind1=" " ind2=" " tag="042"><subfield code="a">msc</subfield></datafield><datafield ind1=" " ind2=" " tag="043"><subfield code="a">n-us-ar</subfield></datafield><datafield ind1="0" ind2="0" tag="245"><subfield code="a">American Baptist &amp; commoner.</subfield></datafield><datafield ind1="3" ind2="0" tag="246"><subfield code="a">American Baptist and commoner</subfield></datafield><datafield ind1=" " ind2=" " tag="260"><subfield code="a">Little Rock, Ark. :</subfield><subfield code="b">Baptist Pub. Co.</subfield></datafield><datafield ind1=" " ind2=" " tag="300"><subfield code="a">v.</subfield></datafield><datafield ind1=" " ind2=" " tag="310"><subfield code="a">Monthly</subfield></datafield><datafield ind1="0" ind2=" " tag="362"><subfield code="a">New ser., v. 68, no. 1 (Nov. 5, 1938)-v. 68, no. 3 (Jan. 7, 1939).</subfield></datafield><datafield ind1=" " ind2="0" tag="650"><subfield code="a">Baptists</subfield><subfield code="z">Arkansas</subfield><subfield code="v">Newspapers.</subfield></datafield><datafield ind1=" " ind2="7" tag="655"><subfield code="a">Newspapers.</subfield><subfield code="2">fast</subfield><subfield code="0">(OCoLC)fst01423814</subfield></datafield><datafield ind1=" " ind2="7" tag="650"><subfield code="a">Baptists.</subfield><subfield code="2">fast</subfield><subfield code="0">(OCoLC)fst00827285</subfield></datafield><datafield ind1=" " ind2="7" tag="651"><subfield code="a">Arkansas.</subfield><subfield code="2">fast</subfield><subfield code="0">(OCoLC)fst01204809</subfield></datafield><datafield ind1=" " ind2=" " tag="752"><subfield code="a">United States</subfield><subfield code="b">Arkansas</subfield><subfield code="c">Pulaski</subfield><subfield code="d">Little Rock.</subfield></datafield><datafield ind1="0" ind2="4" tag="780"><subfield code="t">American Baptist (Lexington, Ky.)</subfield><subfield code="w">(DLC)sn 89051136</subfield></datafield><datafield ind1="0" ind2="4" tag="780"><subfield code="t">Baptist and commoner</subfield><subfield code="w">(DLC)sn 88083086</subfield></datafield><datafield ind1="0" ind2="6" tag="785"><subfield code="t">American Baptist (Texarkana, Ark.)</subfield><subfield code="w">(DLC)sn 89051134</subfield></datafield><datafield ind1="0" ind2="6" tag="785"><subfield code="t">Baptist &amp; commoner</subfield><subfield code="w">(DLC)sn 89051143</subfield></datafield></record>